 @inbook{berg_cheong_kreveld_2008,
 place={Berlin, Heidelberg},
 title={Computational Geometry: Algorithms and Applications},
 publisher={Springer Berlin Heidelberg},
 author={Berg, Mark De and Cheong, Otfried and Kreveld, Marc Van},
 year={2008},
 pages = {265-266}}